<record><leader>00000cas a22000007a 4500</leader><controlfield tag="001">28876984</controlfield><controlfield tag="008">930923c19uu9999deucr ne      0   a0eng c</controlfield><datafield ind1=" " ind2=" " tag="010"><subfield code="a">sn 93004520 </subfield></datafield><datafield ind1=" " ind2=" " tag="040"><subfield code="a">NSD</subfield><subfield code="b">eng</subfield><subfield code="c">NSD</subfield><subfield code="d">OCLCQ</subfield></datafield><datafield ind1=" " ind2=" " tag="012"><subfield code="l">1</subfield></datafield><datafield ind1="0" ind2=" " tag="022"><subfield code="a">1072-1568</subfield><subfield code="l">1072-1568</subfield><subfield code="2">1</subfield></datafield><datafield ind1=" " ind2=" " tag="037"><subfield code="b">The Leader, POB 1130, 616 Water St., Seaford, DE 19973</subfield></datafield><datafield ind1=" " ind2=" " tag="042"><subfield code="a">nsdp</subfield><subfield code="a">pcc</subfield></datafield><datafield ind1="0" ind2=" " tag="130"><subfield code="a">Leader (Seaford, Del. : 1993)</subfield></datafield><datafield ind1=" " ind2="4" tag="222"><subfield code="a">The Leader</subfield><subfield code="b">(1993)</subfield></datafield><datafield ind1="1" ind2="4" tag="245"><subfield code="a">The Leader.</subfield></datafield><datafield ind1=" " ind2=" " tag="260"><subfield code="a">Seaford, Del. :</subfield><subfield code="b">[George Terwilliger]</subfield></datafield><datafield ind1=" " ind2=" " tag="300"><subfield code="a">v.</subfield></datafield><datafield ind1=" " ind2=" " tag="310"><subfield code="a">Semiweekly</subfield></datafield><datafield ind1=" " ind2=" " tag="588"><subfield code="a">Description based on surrogate of: Vol. 104, no. 5 (July 7, 1993).</subfield></datafield><datafield ind1=" " ind2=" " tag="752"><subfield code="a">United States</subfield><subfield code="b">Delaware</subfield><subfield code="c">Sussex</subfield><subfield code="d">Seaford.</subfield></datafield><datafield ind1="0" ind2="0" tag="780"><subfield code="t">Leader and state register</subfield><subfield code="w">(DLC)sn 88053016</subfield><subfield code="w">(OCoLC)17489860</subfield></datafield><datafield ind1="1" ind2=" " tag="029"><subfield code="a">AU@</subfield><subfield code="b">000025891112</subfield></datafield></record>